<record><leader>00000cas a2200000 a 4500</leader><controlfield tag="001">13412877</controlfield><controlfield tag="008">860409u1902uuuunbudr ne      0    0eng d</controlfield><datafield ind1=" " ind2=" " tag="010"><subfield code="a">sn 86063415 </subfield></datafield><datafield ind1=" " ind2=" " tag="040"><subfield code="a">KSH</subfield><subfield code="b">eng</subfield><subfield code="c">KSH</subfield><subfield code="d">NPT</subfield><subfield code="d">NVG</subfield><subfield code="d">OCL</subfield><subfield code="d">OCLCQ</subfield><subfield code="d">OCLCF</subfield><subfield code="d">OCLCO</subfield></datafield><datafield ind1="1" ind2=" " tag="029"><subfield code="a">AU@</subfield><subfield code="b">000022168148</subfield></datafield><datafield ind1=" " ind2=" " tag="042"><subfield code="a">msc</subfield></datafield><datafield ind1=" " ind2=" " tag="043"><subfield code="a">n-us-nb</subfield></datafield><datafield ind1="0" ind2="0" tag="245"><subfield code="a">Beatrice daily sun.</subfield></datafield><datafield ind1=" " ind2=" " tag="260"><subfield code="a">Beatrice, Neb. :</subfield><subfield code="b">G.P. Marvin</subfield></datafield><datafield ind1=" " ind2=" " tag="300"><subfield code="a">v. :</subfield><subfield code="b">ill. ;</subfield><subfield code="c">57 cm.</subfield></datafield><datafield ind1=" " ind2=" " tag="310"><subfield code="a">Daily (except Sun.),</subfield><subfield code="b">July 1, 1970-</subfield></datafield><datafield ind1=" " ind2=" " tag="321"><subfield code="a">Frequency varies,</subfield><subfield code="b">Oct. 31, 1927-June 30, 1970</subfield></datafield><datafield ind1=" " ind2=" " tag="321"><subfield code="a">Daily (except Mon.),</subfield><subfield code="b">&lt;July 9, 1902&gt;-Oct. 30, 1927</subfield></datafield><datafield ind1="1" ind2=" " tag="362"><subfield code="a">Began with July 8, 1902 issue.</subfield></datafield><datafield ind1=" " ind2=" " tag="515"><subfield code="a">Vol. and issue numbering dropped with May 15-16, 1976 issue.</subfield></datafield><datafield ind1=" " ind2=" " tag="580"><subfield code="a">Absorbed: Beatrice daily express, Apr. 27, 1924 and: Beatrice times, Nov. 25, 1952.</subfield></datafield><datafield ind1=" " ind2=" " tag="588"><subfield code="a">Description based on: Vol. 1, no. 2 (July 9, 1902).</subfield></datafield><datafield ind1=" " ind2="0" tag="651"><subfield code="a">Beatrice (Neb.)</subfield><subfield code="v">Newspapers.</subfield></datafield><datafield ind1=" " ind2="0" tag="651"><subfield code="a">Gage County (Neb.)</subfield><subfield code="v">Newspapers.</subfield></datafield><datafield ind1=" " ind2="7" tag="655"><subfield code="a">Newspapers.</subfield><subfield code="2">fast</subfield><subfield code="0">(OCoLC)fst01423814</subfield></datafield><datafield ind1=" " ind2="7" tag="651"><subfield code="a">Nebraska</subfield><subfield code="z">Beatrice.</subfield><subfield code="2">fast</subfield><subfield code="0">(OCoLC)fst01224842</subfield></datafield><datafield ind1=" " ind2="7" tag="651"><subfield code="a">Nebraska</subfield><subfield code="z">Gage County.</subfield><subfield code="2">fast</subfield><subfield code="0">(OCoLC)fst01204083</subfield></datafield><datafield ind1=" " ind2=" " tag="752"><subfield code="a">United States</subfield><subfield code="b">Nebraska</subfield><subfield code="c">Gage</subfield><subfield code="d">Beatrice.</subfield></datafield><datafield ind1="1" ind2="5" tag="780"><subfield code="t">Beatrice daily express</subfield><subfield code="w">(DLC)sn 84020107</subfield></datafield><datafield ind1="1" ind2="5" tag="780"><subfield code="t">Beatrice times</subfield></datafield></record>